@misc{cryptoeprint:2015:1092,
    author = {Erdem Alkim and Leo Ducas and Thomas Poppelmann and Peter Schwabe},
    title = {Post-quantum key exchange - a new hope},
    howpublished = {Cryptology ePrint Archive, Report 2015/1092},
    year = {2015},
    note = {\url{http://eprint.iacr.org/2015/1092}},
}
@misc{cryptoeprint:2016:659,
    author = {Joppe Bos and Craig Costello and L\'eo Ducas and  Ilya Mironov and Michael Naehrig and Valeria Nikolaenko and Ananth Raghunathan and Douglas Stebila},
    title = {Frodo: Take off the ring! Practical, Quantum-Secure Key Exchange from LWE},
    howpublished = {Cryptology ePrint Archive, Report 2016/659},
    year = {2016},
    note = {\url{http://eprint.iacr.org/2016/659}},
}
@Inbook{Peikert2014,
author="Peikert, Chris",
editor="Mosca, Michele",
title="Lattice Cryptography for the Internet",
bookTitle="Post-Quantum Cryptography: 6th International Workshop, PQCrypto 2014, Waterloo, ON, Canada, October 1-3, 2014. Proceedings",
year="2014",
publisher="Springer International Publishing",
address="Cham",
pages="197--219",
isbn="978-3-319-11659-4",
doi="10.1007/978-3-319-11659-4_12",
url="http://dx.doi.org/10.1007/978-3-319-11659-4_12"
}

@INPROCEEDINGS{7163047, 
author={J. W. Bos and C. Costello and M. Naehrig and D. Stebila}, 
booktitle={2015 IEEE Symposium on Security and Privacy}, 
title={Post-Quantum Key Exchange for the TLS Protocol from the Ring Learning with Errors Problem}, 
year={2015}, 
pages={553-570}, 
keywords={cryptographic protocols;digital signatures;public key cryptography;quantum cryptography;2-core desktop computer;Apache Web server;R-LWE cipher suites;RLWE-ECDSA-AES128-GCM-SHA256 HTTPS;RSA keys;TLS protocol;authentication;commercial certificate authority;elliptic curve Diffie-Hellman;elliptic curve digital signatures;handshake size;lattice-based cryptographic primitives;lattice-based key exchange;nonquantum-safe key exchange;open SSL library;post-quantum key exchange;quantum attackers;quantum computers;ring learning with error problem;security level;transport layer security protocol;Authentication;Computers;Cryptography;Lattices;Protocols;Quantum computing;Transport Layer Security (TLS);key exchange;learning with errors;post-quantum}, 
doi={10.1109/SP.2015.40}, 
ISSN={1081-6011}, 
month={May},}
